:20:131110
:25:45050050/76198810
:28:27/01
:60F:C131016DEM84349,74
:61:131017D6800,NCHK16703074
:86:999PN5477SCHECK-NR. 0000016703074
:61:131017D620,3NSTON
:86:999PN0911DAUERAUFTR.NR. 14
:61:131017C18500,NCLRN
:86:999PN2406SCHECK
:61:131015D14220,NBOEN
:86:999PN0920WECHSEL
:61:131017D1507,NTRFN
:86:999PN0920SCHNELLUEB
:61:131024C4200,NMSCN
:86:999PN2506AUSSENH. NR. 1
:61:131017D19900,NTRFN
:86:999PN0907UEBERTRAG
:61:131017D400,NTRFN
:86:999PN0891BTX
:61:131018C3656,74NMSCN
:86:999PN0850EINZAHLG.N
:61:131019C23040,NMSCN
:86:999PN0812LT.ANLAGE
:61:131027D5862,14NCHKN
:86:999PN5329AUSLSCHECK
:62F:C131017DEM84437,04

-

:20:1234567
:21:9876543210
:25:10020030/1234567
:28C:5/1
:60F:C021101EUR2187,95
:61:0211011102DR800,NSTONONREF//55555
:86:008?00DAUERAUFTRAG?100599?20Miete November?3010020030?31234567?32MUELLER?34339
:61:0211021102CR3000,NTRFNONREF//55555
:86:051?00UEBERWEISUNG?100599?20Gehalt Oktob
er
?21Firma
Mustermann
GmbH?3050060400?31084756
4700?32MUELLER?34339
:62F:C021131EUR4387,95

-
