:20:131110
:25:45050050/76198810
:28C:13/37
:34F:EURD12345,67
:13D:1901091733+0100
:61:190109C9792,00FTRFNONREF
:86:008?00DAUERAUFTRAG?100599?20Miete Dezember?3010020030?31234567?32MUELLER?34339
:90D:0EUR0,00
:90C:1EUR9792,00

-

:20:01ANWZTPJTYEGJWA
:25:45050050/76198810
:28C:13/37
:34F:EURD12345,67
:13D:1901091733+0100
:61:190109C9792,00FTRFNONREF
:86:008?00DAUERAUFTRAG?100599?20Miete Dezember?3010020030?31234567?32MUELLER?34339
:90D:0EUR0,00
:90C:1EUR9792,00